<?xml version="1.0" encoding="UTF-8"?><record xmlns="http://www.loc.gov/MARC21/slim" xmlns:cinclude="http://apache.org/cocoon/include/1.0" xmlns:zs="http://www.loc.gov/zing/srw/">
  <leader>00480nz  a2200133n  4500</leader>
  <controlfield tag="001">nr 94012163 </controlfield>
  <controlfield tag="003">DLC</controlfield>
  <controlfield tag="005">19940414063318.0</controlfield>
  <controlfield tag="008">940413n| acannaab|          |n aaa     c</controlfield>
  <datafield tag="010" ind1=" " ind2=" ">
    <subfield code="a">nr 94012163 </subfield>
  </datafield>
  <datafield tag="040" ind1=" " ind2=" ">
    <subfield code="a">NjP</subfield>
    <subfield code="c">NjP</subfield>
  </datafield>
  <datafield tag="100" ind1="1" ind2="0">
    <subfield code="a">Pavan, Valentina,</subfield>
    <subfield code="d">1965-</subfield>
  </datafield>
  <datafield tag="670" ind1=" " ind2=" ">
    <subfield code="a">Parameter study of the statistically steady state of a multi-layer quasi-geostrophic model, 1994:</subfield>
    <subfield code="b">t.p. (Valentina Pavan)</subfield>
  </datafield>
  <datafield tag="670" ind1=" " ind2=" ">
    <subfield code="a">Info. from Princeton University Archives, 4-11-94</subfield>
    <subfield code="b">(Pavan, Valentina, b. 5-21-65)</subfield>
  </datafield>
</record>